<?xml version="1.0" encoding="UTF-8"?><record xmlns="http://www.loc.gov/MARC21/slim" xmlns:cinclude="http://apache.org/cocoon/include/1.0" xmlns:zs="http://www.loc.gov/zing/srw/">
  <leader>00496nz  a2200121n  4500</leader>
  <controlfield tag="001">n 2009042181</controlfield>
  <controlfield tag="003">DLC</controlfield>
  <controlfield tag="005">20090710075531.0</controlfield>
  <controlfield tag="008">090709n| acannaabn          |n aaa      </controlfield>
  <datafield tag="010" ind1=" " ind2=" ">
    <subfield code="a">n 2009042181</subfield>
  </datafield>
  <datafield tag="040" ind1=" " ind2=" ">
    <subfield code="a">DLC</subfield>
    <subfield code="b">eng</subfield>
    <subfield code="c">DLC</subfield>
  </datafield>
  <datafield tag="100" ind1="1" ind2=" ">
    <subfield code="a">Edge, Jerry T.</subfield>
  </datafield>
  <datafield tag="670" ind1=" " ind2=" ">
    <subfield code="a">Mergers &amp; acquisitions, c2007:</subfield>
    <subfield code="b">t.p. (Jerry T. Edge) cover p. 4 (B.A. in business from the Univ. of NC; M.B.A. from Georgia State Univ.; completed D.B.A. course work from George Wash. Univ.; currently he is president of RMC Consultants LLC)</subfield>
  </datafield>
</record>